<record><leader>00000cas a22000007a 4500</leader><controlfield tag="001">10979989</controlfield><controlfield tag="008">840724d18511851causr ne      0    0eng d</controlfield><controlfield tag="009">3781</controlfield><datafield ind1=" " ind2=" " tag="010"><subfield code="a">sn 84027206 </subfield></datafield><datafield ind1=" " ind2=" " tag="040"><subfield code="a">NPU</subfield><subfield code="b">eng</subfield><subfield code="c">NPU</subfield><subfield code="d">UNP</subfield><subfield code="d">NYS</subfield></datafield><datafield ind1=" " ind2=" " tag="042"><subfield code="a">msc</subfield></datafield><datafield ind1="0" ind2="0" tag="245"><subfield code="a">San Francisco news-letter.</subfield></datafield><datafield ind1="3" ind2="0" tag="246"><subfield code="a">San Francisco news letter</subfield></datafield><datafield ind1=" " ind2=" " tag="260"><subfield code="a">San Francisco [Calif.] :</subfield><subfield code="b">M.C. Cotham &amp; Co.,</subfield><subfield code="c">1851-</subfield></datafield><datafield ind1=" " ind2=" " tag="300"><subfield code="a">v. ;</subfield><subfield code="c">28 cm.</subfield></datafield><datafield ind1=" " ind2=" " tag="310"><subfield code="a">Semimonthly</subfield></datafield><datafield ind1="0" ind2=" " tag="362"><subfield code="a">Vol. 1, no. 1 (July 14, 1851)-</subfield></datafield><datafield ind1="1" ind2=" " tag="362"><subfield code="a">Ceased Oct. 20, 1851.</subfield><subfield code="z">Cf. Kemble, E. C.  Hist. of Ca. newspapers, 1962.</subfield></datafield><datafield ind1=" " ind2=" " tag="500"><subfield code="a">"Published on the day preceding the departure of each mail steamer ..."</subfield></datafield><datafield ind1=" " ind2=" " tag="500"><subfield code="a">"For the steamers Carolina and Panama."</subfield></datafield><datafield ind1=" " ind2=" " tag="752"><subfield code="a">United States</subfield><subfield code="b">California</subfield><subfield code="c">San Francisco</subfield><subfield code="d">San Francisco.</subfield></datafield></record>